<?xml version="1.0" encoding="UTF-8"?><record xmlns="http://www.loc.gov/MARC21/slim" xmlns:cinclude="http://apache.org/cocoon/include/1.0" xmlns:zs="http://www.loc.gov/zing/srw/">
  <leader>00596nz  a2200157n  4500</leader>
  <controlfield tag="001">no2014101048</controlfield>
  <controlfield tag="003">DLC</controlfield>
  <controlfield tag="005">20140801073513.0</controlfield>
  <controlfield tag="008">140730n| azannaabn          |n aaa     c</controlfield>
  <datafield tag="010" ind1=" " ind2=" ">
    <subfield code="a">no2014101048</subfield>
  </datafield>
  <datafield tag="035" ind1=" " ind2=" ">
    <subfield code="a">(OCoLC)oca09922196</subfield>
  </datafield>
  <datafield tag="040" ind1=" " ind2=" ">
    <subfield code="a">UCS</subfield>
    <subfield code="b">eng</subfield>
    <subfield code="e">rda</subfield>
    <subfield code="c">UCS</subfield>
  </datafield>
  <datafield tag="100" ind1="1" ind2=" ">
    <subfield code="a">VanSleeuwen, Rebecca</subfield>
  </datafield>
  <datafield tag="373" ind1=" " ind2=" ">
    <subfield code="a">Southern Utah University</subfield>
    <subfield code="2">naf</subfield>
  </datafield>
  <datafield tag="670" ind1=" " ind2=" ">
    <subfield code="a">VanSleeuwen, Rebecca. The reception perception, 2014</subfield>
    <subfield code="b">title page (by Rebecca VanSleeuwen)</subfield>
  </datafield>
  <datafield tag="670" ind1=" " ind2=" ">
    <subfield code="a">VanSleeuwen, Rebecca. The reception perception, 2014</subfield>
    <subfield code="b">title page ("by Rebecca VanSleeuwen, A Thesis submitted to Southern Utah University...")</subfield>
  </datafield>
</record>